@article{fritzke,
  title={A growing neural gas network learns topologies},
  author={Fritzke, Bernd and others},
  journal={Advances in neural information processing systems},
  volume={7},
  pages={625--632},
  year={1995},
  publisher={MORGAN KAUFMANN PUBLISHERS}
}